<?xml version="1.0" encoding="UTF-8"?><collection xmlns="http://www.loc.gov/MARC21/slim"><record><leader>00468nam--2200169-i-4500</leader><controlfield tag="001">000014496</controlfield><controlfield tag="002">20161230</controlfield><controlfield tag="005">20161230201030</controlfield><controlfield tag="008">060222s1000------------r-----000-0-eng-d</controlfield><datafield ind1=" " ind2=" " tag="040"><subfield code="a">IFIN-HH</subfield></datafield><datafield ind1=" " ind2=" " tag="080"><subfield code="a">519.876:681.5.032</subfield></datafield><datafield ind1="1" ind2=" " tag="100"><subfield code="a">Apte, Y.S</subfield></datafield><datafield ind1="1" ind2="0" tag="245"><subfield code="a">Linear multivariable control theory</subfield><subfield code="c">Y.S. Apte</subfield></datafield><datafield ind1=" " ind2=" " tag="260"><subfield code="a">New Delhi, Tata Mcgraw-hill Publishing Company Limited, 1981</subfield></datafield><datafield ind1=" " ind2=" " tag="300"><subfield code="a">XII + 164 P</subfield></datafield><datafield ind1=" " ind2=" " tag="852"><subfield code="a">71257</subfield><subfield code="c">519.2</subfield></datafield><datafield ind1=" " ind2=" " tag="CAT"><subfield code="a">Sys</subfield><subfield code="c">20100610</subfield><subfield code="h">111259</subfield></datafield></record></collection>